%% This BibTeX bibliography file was created using BibDesk.
%% http://bibdesk.sourceforge.net/


%% Created for Daniel Heffernan at 2011-08-20 19:37:05 +0900 


%% Saved with string encoding Unicode (UTF-8) 



@misc{AAPCS,
	Author = {{ARM Ltd.}},
	Date-Added = {2011-08-20 10:36:00 +0000},
	Date-Modified = {2011-08-20 10:37:03 +0000},
	Howpublished = {\url{http://infocenter.arm.com/help/topic/com.arm.doc.ihi0042c/}},
	Title = {{Procedure Call Standard for the ARM Architecture (AAPCS)}},
	Year = {2009}}

@misc{iOSABI,
	Author = {{Apple Inc.}},
	Date-Added = {2011-08-20 07:28:13 +0000},
	Date-Modified = {2011-08-20 07:29:19 +0000},
	Howpublished = {\url{http://developer.apple.com/library/ios/documentation/Xcode/Conceptual/iPhoneOSABIReference/}},
	Title = {{iOS ABI Function Call Guide}},
	Year = {2011}}

@misc{A8Ref,
	Author = {{ARM Ltd.}},
	Date-Added = {2011-08-20 07:22:33 +0000},
	Date-Modified = {2011-08-20 07:27:19 +0000},
	Howpublished = {\url{http://infocenter.arm.com/help/topic/com.arm.doc.subset.cortexa.a8/}},
	Title = {{Cortex-A8 Technical Reference Manual}},
	Year = {2010},
	Bdsk-Url-1 = {http://infocenter.arm.com/help/topic/com.arm.doc.ddi0344k/Beijfcja.html}}

@misc{ARMRef,
	Author = {{ARM Ltd.}},
	Date-Added = {2011-08-20 07:21:33 +0000},
	Date-Modified = {2011-08-20 07:25:44 +0000},
	Howpublished = {\url{http://infocenter.arm.com/help/topic/com.arm.doc.ddi0406b/}},
	Title = {{ARM Architecture Reference Manual ARMv7-A and ARMv7-R Edition}},
	Year = {2011},
	Bdsk-Url-1 = {http://infocenter.arm.com/help/topic/com.arm.doc.ddi0344k/Beijfcja.html}}
